@article{bearman2015s,
  title={What's the point: Semantic segmentation with point supervision},
  author={Bearman, Amy and Russakovsky, Olga and Ferrari, Vittorio and Fei-Fei, Li},
  journal={arXiv preprint arXiv:1506.02106},
  year={2015}
}
@article{bell2013opensurfaces,
  title={OpenSurfaces: A richly annotated catalog of surface appearance},
  author={Bell, Sean and Upchurch, Paul and Snavely, Noah and Bala, Kavita},
  journal={ACM Transactions on Graphics (TOG)},
  volume={32},
  number={4},
  pages={111},
  year={2013},
  publisher={ACM}
}
@inproceedings{lin2014microsoft,
  title={Microsoft coco: Common objects in context},
  author={Lin, Tsung-Yi and Maire, Michael and Belongie, Serge and Hays, James and Perona, Pietro and Ramanan, Deva and Doll{\'a}r, Piotr and Zitnick, C Lawrence},
  booktitle={European Conference on Computer Vision},
  pages={740--755},
  year={2014},
  organization={Springer}
}
@article{everingham2010pascal,
  title={The pascal visual object classes (voc) challenge},
  author={Everingham, Mark and Van Gool, Luc and Williams, Christopher KI and Winn, John and Zisserman, Andrew},
  journal={International journal of computer vision},
  volume={88},
  number={2},
  pages={303--338},
  year={2010},
  publisher={Springer}
}